
@inproceedings{jung2000register,
  title={A register file with transposed access mode},
  author={Jung, Yoochang and Berg, Stefan G and Kim, Donglok and Kim, Yongmin},
  booktitle={Computer Design, 2000. Proceedings. 2000 International Conference on},
  pages={559--560},
  year={2000},
  organization={IEEE}
}

